2021-01-14 00:59:35.844,-104.38323247952499,67.0,-677.6314430954944,0.0,5.312543,-178.79352
2021-01-14 00:59:59.914,-493.84492546853915,64.0,719.8034032360373,0.0,5.312543,-178.79352
2021-01-14 00:59:59.914,-493.84492546853915,64.0,719.8034032360373,0.0,5.312543,-178.79352
2021-01-14 01:00:00.915,-493.84492546853915,64.0,719.8034032360373,0.0,5.312543,-178.79352
2021-01-14 01:00:01.915,-493.84492546853915,64.0,719.8034032360373,0.0,5.312543,-178.79352
2021-01-14 01:00:02.916,-493.84492546853915,64.0,719.8034032360373,0.0,5.312543,-178.79352
2021-01-14 01:00:03.916,-493.84492546853915,64.0,719.8034032360373,0.0,5.312543,-178.79352
2021-01-14 01:00:04.917,-493.84492546853915,64.0,719.8034032360373,0.0,5.312543,-178.79352
2021-01-14 01:00:05.918,-493.84492546853915,64.0,719.8034032360373,0.0,5.312543,-178.79352
2021-01-14 01:00:06.918,-493.84492546853915,64.0,719.8034032360373,0.0,5.312543,-178.79352
2021-01-14 01:00:07.918,-493.84492546853915,64.0,719.8034032360373,0.0,5.312543,-178.79352
2021-01-14 01:00:08.918,-493.84492546853915,64.0,719.8034032360373,0.0,5.312543,-178.79352
2021-01-14 01:00:09.918,-493.84492546853915,64.0,719.8034032360373,0.0,5.312543,-178.79352
2021-01-14 01:00:10.918,-493.84492546853915,64.0,719.8034032360373,0.0,5.312543,-178.79352
2021-01-14 01:00:11.918,-493.84492546853915,64.0,719.8034032360373,0.0,5.312543,-178.79352
2021-01-14 01:00:12.919,-493.84492546853915,64.0,719.8034032360373,0.0,5.312543,-178.79352
2021-01-14 01:00:13.919,-493.84492546853915,64.0,719.8034032360373,0.0,5.312543,-178.79352
2021-01-14 01:00:14.919,-493.84492546853915,64.0,719.8034032360373,0.0,5.312543,-178.79352
2021-01-14 01:00:15.920,-493.84492546853915,64.0,719.8034032360373,1.5035183030734027,5.312543,-178.79352
2021-01-14 01:00:16.921,-493.8263234957074,64.0,718.3000000119209,1.5345215911262893,5.312543,-178.79352
2021-01-14 01:00:17.921,-493.7953202076545,64.0,718.3000000119209,1.5655248791791758,5.312543,-178.79352
2021-01-14 01:00:18.922,-493.76431691960164,64.0,718.3000000119209,1.627531455284949,5.312543,-178.79352
2021-01-14 01:00:19.922,-493.70231034349587,64.0,718.3000000119209,1.6585347433378355,5.312543,-178.79352
2021-01-14 01:00:20.923,-493.671307055443,64.0,718.3000000119209,1.689538031390722,5.312543,-178.79352
2021-01-14 01:00:21.923,-493.6403037673901,64.0,718.3000000119209,1.751544607496495,5.312543,-178.79352
2021-01-14 01:00:22.923,-493.5782971912843,64.0,718.3000000119209,1.7825478955493816,5.312543,-178.79352
2021-01-14 01:00:23.923,-493.54729390323143,64.0,718.3000000119209,1.8135511836022682,5.312543,-178.79352
2021-01-14 01:00:24.923,-493.51629061517855,64.0,718.3000000119209,1.8755577597080413,5.312543,-178.79352
2021-01-14 01:00:25.923,-493.4542840390728,64.0,718.3000000119209,1.9065610477609278,5.312543,-178.79352
2021-01-14 01:00:26.924,-493.4232807510199,64.0,718.3000000119209,1.9375643358138144,5.312543,-178.79352
2021-01-14 01:00:27.924,-493.392277462967,64.0,718.3000000119209,1.9995709119195875,5.312543,-178.79352
2021-01-14 01:00:28.925,-493.33027088686123,64.0,718.3000000119209,2.030574199972474,5.312543,-178.79352
2021-01-14 01:00:29.925,-493.29926759880834,64.0,718.3000000119209,2.0615774880253603,5.312543,-178.79352
2021-01-14 01:00:30.925,-493.26826431075546,64.0,718.3000000119209,2.1235840641311334,5.312543,-178.79352
2021-01-14 01:00:31.925,-493.2062577346497,64.0,718.3000000119209,2.15458735218402,5.312543,-178.79352
2021-01-14 01:00:32.925,-493.1752544465968,64.0,718.3000000119209,2.1855906402369065,5.312543,-178.79352
2021-01-14 01:00:33.925,-493.1442511585439,64.0,718.3000000119209,2.2475972163426796,5.312543,-178.79352
2021-01-14 01:00:34.925,-493.08224458243814,64.0,718.3000000119209,2.278600504395566,5.312543,-178.79352
2021-01-14 01:00:35.925,-493.05124129438525,64.0,718.3000000119209,2.3096037924484527,5.312543,-178.79352
2021-01-14 01:00:36.926,-493.02023800633236,64.0,718.3000000119209,2.371610368554226,5.312543,-178.79352
2021-01-14 01:00:37.926,-492.9582314302266,64.0,718.3000000119209,2.4026136566071123,5.312543,-178.79352
2021-01-14 01:00:38.926,-492.9272281421737,64.0,718.3000000119209,2.433616944659999,5.312543,-178.79352
2021-01-14 01:00:39.926,-492.8962248541208,64.0,718.3000000119209,2.495623520765772,5.312543,-178.79352
2021-01-14 01:00:40.926,-492.83421827801504,64.0,718.3000000119209,2.5266268088186585,5.312543,-178.79352
2021-01-14 01:00:41.926,-492.80321498996216,64.0,718.3000000119209,2.557630096871545,5.312543,-178.79352
2021-01-14 01:00:42.927,-492.77221170190927,64.0,718.3000000119209,2.619636672977318,5.312543,-178.79352
2021-01-14 01:00:43.927,-492.7102051258035,64.0,718.3000000119209,5.597575274938688,5.312543,-178.79352
2021-01-14 01:00:44.927,-492.66886740839965,64.0,715.322348334815,10.12978555223765,5.312543,-178.79352
2021-01-14 01:00:45.928,-492.6254628051256,64.0,710.7903459034312,14.446204534107462,5.312543,-178.79352
2021-01-14 01:00:46.928,-492.58412508772176,64.0,706.4741248687568,18.76262351606742,5.312543,-178.79352
2021-01-14 01:00:47.929,-492.5427873703179,64.0,702.1579038339922,23.079042498027384,5.312543,-178.79352
2021-01-14 01:00:48.929,-492.50144965291406,64.0,697.8416827992277,27.395461479987347,5.312543,-178.79352
2021-01-14 01:00:49.929,-492.4601119355102,64.0,693.5254617644631,31.71188046194731,5.312543,-178.79352
2021-01-14 01:00:50.929,-492.41877421810636,64.0,689.2092407296985,33.9069260158251,5.312543,-178.79352
2021-01-14 01:00:51.930,-492.40017224527463,64.0,687.0142739986966,33.91004794131232,5.312543,-178.79352
2021-01-14 01:00:52.930,-492.40017224527463,64.0,687.0111520732094,33.91004794131232,5.312543,-178.79352
2021-01-14 01:00:53.930,-492.40017224527463,64.0,687.0111520732094,33.91004794131232,5.312543,-178.79352
2021-01-14 01:00:54.930,-492.40017224527463,64.0,687.0111520732094,33.91004794131232,5.312543,-178.79352
2021-01-14 01:00:55.930,-492.40017224527463,64.0,687.0111520732094,34.15953470320201,5.312543,-178.79352
2021-01-14 01:00:56.930,-492.6496247583696,64.0,687.0070183014689,37.96840837784666,5.312543,-178.79352
2021-01-14 01:00:57.931,-496.4583363589545,64.0,686.9718812416746,38.00377782820263,5.312543,-178.79352
2021-01-14 01:00:58.931,-496.4937058093105,64.0,686.9718812416746,38.00689972198805,5.312543,-178.79352
2021-01-14 01:00:59.931,-496.4968277030959,64.0,686.9718812416746,38.83906969921979,5.312543,-178.79352
2021-01-14 01:01:00.932,-497.3289335080125,64.0,686.9615468123234,42.28107849611937,5.312543,-178.79352
2021-01-14 01:01:01.933,-500.77080267375135,64.0,686.9305435242696,42.31644810953615,5.312543,-178.79352
2021-01-14 01:01:02.933,-500.8061722871681,64.0,686.9305435242696,42.31957001771415,5.312543,-178.79352
2021-01-14 01:01:03.933,-500.8092941953461,64.0,686.9305435242696,42.31957001771415,5.312543,-178.79352
2021-01-14 01:01:04.933,-500.8092941953461,64.0,686.9305435242696,44.65007305978538,5.312543,-178.79352
2021-01-14 01:01:05.934,-503.13966525134265,64.0,686.9057408938266,46.844936451708094,5.312543,-178.79352
2021-01-14 01:01:06.934,-505.3344498138474,64.0,686.8871389209944,46.84805836774447,5.312543,-178.79352
2021-01-14 01:01:07.935,-505.3375717298838,64.0,686.8871389209944,46.84805836774447,5.312543,-178.79352
2021-01-14 01:01:08.935,-505.3375717298838,64.0,686.8871389209944,46.84805836774447,5.312543,-178.79352
2021-01-14 01:01:09.936,-505.3375717298838,64.0,686.8871389209944,49.82587144348337,5.312543,-178.79352
2021-01-14 01:01:10.937,-505.3065684418309,64.0,683.9094872438885,54.14226077175903,5.312543,-178.79352
2021-01-14 01:01:11.937,-505.26523072442706,64.0,679.5932958641682,58.45867975355415,5.312543,-178.79352
2021-01-14 01:01:12.937,-505.2238930070232,64.0,675.2770748295685,62.77509873551411,5.312543,-178.79352
2021-01-14 01:01:13.937,-505.18255528961936,64.0,670.9608537948039,67.09151771747408,5.312543,-178.79352
2021-01-14 01:01:14.937,-505.1412175722155,64.0,666.6446327600394,71.40793669943403,5.312543,-178.79352
2021-01-14 01:01:15.937,-505.09987985481166,64.0,662.3284117252748,75.72435568139399,5.312543,-178.79352
2021-01-14 01:01:16.938,-505.0585421374078,64.0,658.0121906905102,79.76801482298336,5.312543,-178.79352
2021-01-14 01:01:17.939,-505.02381845485024,65.24918707874468,653.968680641156,83.9934712591983,5.312543,-178.79352
2021-01-14 01:01:18.939,-504.9890947722927,65.0,649.743366882366,87.2676269641591,5.312543,-178.79352
2021-01-14 01:01:19.939,-504.96015837011,65.0,646.4693390472742,87.270748889661,5.312543,-178.79352
2021-01-14 01:01:20.939,-504.96015837011,65.0,646.4662171217723,87.270748889661,5.312543,-178.79352
2021-01-14 01:01:21.940,-504.96015837011,65.0,646.4662171217723,87.270748889661,5.312543,-178.79352
2021-01-14 01:01:22.940,-504.96015837011,65.0,646.4662171217723,87.270748889661,5.312543,-178.79352
2021-01-14 01:01:23.940,-504.96015837011,65.0,646.4662171217723,90.46436938166802,5.312543,-178.79352
2021-01-14 01:01:24.940,-508.1536076354912,65.0,646.4331469478483,91.58029532659076,5.312543,-178.79352
2021-01-14 01:01:25.940,-509.2695029541822,65.0,646.4248794043673,91.58341723476876,5.312543,-178.79352
2021-01-14 01:01:26.941,-509.2726248623602,65.0,646.4248794043673,91.58341723476876,5.312543,-178.79352
2021-01-14 01:01:27.941,-509.2726248623602,65.0,646.4248794043673,91.58341723476876,5.312543,-178.79352
2021-01-14 01:01:28.942,-509.2726248623602,65.0,646.4248794043673,93.26739498789688,5.312543,-178.79352
2021-01-14 01:01:29.942,-510.95649986949024,65.0,646.406277431535,96.38926253174698,5.312543,-178.79352
2021-01-14 01:01:30.943,-514.0782846230028,66.0,646.3835416869623,96.44997961935753,5.312543,-178.79352
2021-01-14 01:01:31.944,-514.1390017106133,66.0,646.3835416869623,96.44997961935753,5.312543,-178.79352
2021-01-14 01:01:32.945,-514.1390017106133,66.0,646.3835416869623,96.44997961935753,5.312543,-178.79352
2021-01-14 01:01:33.945,-514.1390017106133,66.0,646.3835416869623,96.44997961935753,5.312543,-178.79352
2021-01-14 01:01:34.946,-514.1390017106133,66.0,646.3835416869623,96.44997961935753,5.312543,-178.79352
2021-01-14 01:01:35.946,-514.1390017106133,66.0,646.3835416869623,96.44997961935753,5.312543,-178.79352
2021-01-14 01:01:36.946,-514.1390017106133,66.0,646.3835416869623,96.44997961935753,5.312543,-178.79352
2021-01-14 01:01:37.946,-514.1390017106133,66.0,646.3835416869623,99.64360011136468,5.312543,-178.79352
2021-01-14 01:01:38.946,-517.3324509759947,66.0,646.3504715130383,100.75952605628747,5.312543,-178.79352
2021-01-14 01:01:39.946,-518.4483462946857,66.0,646.3422039695573,100.76264796446553,5.312543,-178.79352
2021-01-14 01:01:40.946,-518.4514682028638,66.0,646.3422039695573,100.76264796446553,5.312543,-178.79352
2021-01-14 01:01:41.947,-518.4514682028638,66.0,646.3422039695573,100.76264796446553,5.312543,-178.79352
2021-01-14 01:01:42.947,-518.4514682028638,66.0,646.3422039695573,100.76264796446553,5.312543,-178.79352
2021-01-14 01:01:43.947,-518.4514682028638,66.0,646.3422039695573,100.76264796446553,5.312543,-178.79352
2021-01-14 01:01:44.947,-518.4514682028638,66.0,646.3422039695573,100.76264796446553,5.312543,-178.79352
2021-01-14 01:01:45.952,-518.4514682028638,66.0,646.3422039695573,100.76264796446553,5.312543,-178.79352
2021-01-14 01:01:46.948,-518.4514682028638,66.0,646.3422039695573,100.76264796446553,5.312543,-178.79352
2021-01-14 01:01:47.948,-518.4514682028638,66.0,646.3422039695573,104.1720819936872,5.312543,-178.79352
2021-01-14 01:01:48.949,-515.0422152367958,66.0,646.3773410293516,105.07219496934998,5.312543,-178.79352
2021-01-14 01:01:49.949,-514.1421236187914,66.0,646.3835416869623,105.07531687752804,5.312543,-178.79352
2021-01-14 01:01:50.949,-514.1390017106133,66.0,646.3835416869623,105.07531687752804,5.312543,-178.79352
2021-01-14 01:01:51.949,-514.1390017106133,66.0,646.3835416869623,105.07531687752804,5.312543,-178.79352
2021-01-14 01:01:52.949,-514.1390017106133,66.0,646.3835416869623,105.07531687752804,5.312543,-178.79352
2021-01-14 01:01:53.949,-514.1390017106133,66.0,646.3835416869623,105.07531687752804,5.312543,-178.79352
2021-01-14 01:01:54.949,-514.1390017106133,66.0,646.3835416869623,105.07531687752804,5.312543,-178.79352
2021-01-14 01:01:55.949,-514.1390017106133,66.0,646.3835416869623,105.07531687752804,5.312543,-178.79352
2021-01-14 01:01:56.949,-514.1390017106133,66.0,646.3835416869623,108.91638649831758,5.312543,-178.79352
2021-01-14 01:01:57.950,-514.0997308790786,66.0,642.542672822559,109.38486677745071,5.312543,-178.79352
2021-01-14 01:01:58.951,-514.0976639932084,66.0,642.0741971028899,109.38798868562877,5.312543,-178.79352
2021-01-14 01:01:59.952,-514.0976639932084,66.0,642.0710751947119,109.38798868562877,5.312543,-178.79352
2021-01-14 01:02:00.952,-514.0976639932084,66.0,642.0710751947119,109.38798868562877,5.312543,-178.79352
2021-01-14 01:02:01.952,-514.0976639932084,66.0,642.0710751947119,109.38798868562877,5.312543,-178.79352
2021-01-14 01:02:02.952,-514.0976639932084,66.0,642.0710751947119,112.36580176136768,5.312543,-178.79352
2021-01-14 01:02:03.952,-514.1286672812621,66.0,645.0487268718177,113.69753476722693,5.312543,-178.79352
2021-01-14 01:02:04.953,-514.1390017106133,66.0,646.3804197787842,113.70065667540499,5.312543,-178.79352
2021-01-14 01:02:05.953,-514.1390017106133,66.0,646.3835416869623,113.70065667540499,5.312543,-178.79352
2021-01-14 01:02:06.953,-514.1390017106133,66.0,646.3835416869623,113.70065667540499,5.312543,-178.79352
2021-01-14 01:02:07.953,-514.1390017106133,66.0,646.3835416869623,113.70065667540499,5.312543,-178.79352
2021-01-14 01:02:08.954,-514.1390017106133,66.0,646.3835416869623,113.70065667540499,5.312543,-194.02522
2021-01-14 01:02:09.954,-514.1390017106133,66.0,646.3835416869623,113.70065667540499,5.312543,-200.35925
2021-01-14 01:02:10.954,-514.1390017106133,66.0,646.3835416869623,113.70065667540499,5.312543,-200.35925
2021-01-14 01:02:11.954,-514.1390017106133,66.0,646.3835416869623,113.70065667540499,5.312543,-200.35925
2021-01-14 01:02:12.954,-514.1390017106133,66.0,646.3835416869623,113.70065667540499,5.312543,-200.35925
2021-01-14 01:02:13.954,-514.1390017106133,66.0,646.3835416869623,113.70065667540499,5.312543,-200.35925
2021-01-14 01:02:14.954,-514.1390017106133,66.0,646.3835416869623,113.70065667540499,9.384403,-193.27153
2021-01-14 01:02:15.954,-514.1390017106133,66.0,646.3835416869623,113.70065667540499,9.384403,-193.27153
2021-01-14 01:02:16.954,-514.1390017106133,66.0,646.3835416869623,113.70065667540499,9.384403,-193.27153
2021-01-14 01:02:17.955,-514.1390017106133,66.0,646.3835416869623,113.70065667540499,9.384403,-193.27153
2021-01-14 01:02:18.955,-514.1390017106133,66.0,646.3835416869623,113.70065667540499,9.384403,-193.27153
2021-01-14 01:02:19.955,-514.1390017106133,66.0,646.3835416869623,113.70065667540499,9.384403,-193.27153
2021-01-14 01:02:20.956,-514.1390017106133,66.0,646.3835416869623,113.70065667540499,9.384403,-193.27153
2021-01-14 01:02:21.956,-514.1390017106133,66.0,646.3835416869623,113.70065667540499,9.384403,-193.27153
2021-01-14 01:02:22.957,-514.1390017106133,66.0,646.3835416869623,113.70065667540499,9.384403,-193.27153
2021-01-14 01:02:23.957,-514.1390017106133,66.0,646.3835416869623,113.70065667540499,9.384403,-193.27153
2021-01-14 01:02:24.957,-514.1390017106133,66.0,646.3835416869623,113.70065667540499,9.384403,-193.27153
2021-01-14 01:02:25.957,-514.1390017106133,66.0,646.3835416869623,113.70065667540499,9.384403,-193.27153
2021-01-14 01:02:26.957,-514.1390017106133,66.0,646.3835416869623,113.70065667540499,9.384403,-193.27153
2021-01-14 01:02:27.957,-514.1390017106133,66.0,646.3835416869623,113.70065667540499,9.384403,-193.27153
2021-01-14 01:02:28.957,-514.1390017106133,66.0,646.3835416869623,113.70065667540499,9.384403,-193.27153
2021-01-14 01:02:29.958,-514.1390017106133,66.0,646.3835416869623,113.70065667540499,9.384403,-193.27153
2021-01-14 01:02:30.958,-514.1390017106133,66.0,646.3835416869623,113.70065667540499,9.384403,-193.27153
2021-01-14 01:02:31.958,-514.1390017106133,66.0,646.3835416869623,113.70065667540499,11.646543,-187.84264
2021-01-14 01:02:32.958,-514.1390017106133,66.0,646.3835416869623,113.70065667540499,13.154636,-186.48541
2021-01-14 01:02:33.958,-514.1390017106133,66.0,646.3835416869623,113.70065667540499,13.154636,-186.48541
2021-01-14 01:02:34.959,-514.1390017106133,66.0,646.3835416869623,113.70065667540499,13.154636,-186.48541
2021-01-14 01:02:35.960,-514.1390017106133,66.0,646.3835416869623,113.70065667540499,13.154636,-186.48541
2021-01-14 01:02:36.961,-514.1390017106133,66.0,646.3835416869623,113.70065667540499,13.154636,-188.74751
2021-01-14 01:02:37.961,-514.1390017106133,66.0,646.3835416869623,113.70065667540499,13.154636,-208.50359
2021-01-14 01:02:38.961,-514.1390017106133,66.0,646.3835416869623,113.70065667540499,13.154636,-208.50359
2021-01-14 01:02:39.962,-514.1390017106133,66.0,646.3835416869623,113.70065667540499,13.154636,-208.50359
2021-01-14 01:02:40.962,-514.1390017106133,66.0,646.3835416869623,113.70065667540499,13.154636,-208.50359
2021-01-14 01:02:41.962,-514.1390017106133,66.0,646.3835416869623,113.70065667540499,13.154636,-208.50359
2021-01-14 01:02:42.962,-514.1390017106133,66.0,646.3835416869623,113.70065667540499,13.154636,-208.50359
2021-01-14 01:02:43.962,-514.1390017106133,66.0,646.3835416869623,113.70065667540499,13.154636,-208.50359
2021-01-14 01:02:44.962,-514.1390017106133,66.0,646.3835416869623,113.70065667540499,13.154636,-208.50359
2021-01-14 01:02:45.962,-514.1390017106133,66.0,646.3835416869623,113.70065667540499,13.154636,-207.90038
2021-01-14 01:02:46.962,-514.1390017106133,66.0,646.3835416869623,113.70065667540499,13.154636,-184.22325
2021-01-14 01:02:47.962,-514.1390017106133,66.0,646.3835416869623,113.70065667540499,13.154636,-184.22325
2021-01-14 01:02:48.962,-514.1390017106133,66.0,646.3835416869623,113.70065667540499,13.154636,-184.22325
2021-01-14 01:02:49.963,-514.1390017106133,66.0,646.3835416869623,113.70065667540499,13.154636,-184.22325
2021-01-14 01:02:50.963,-514.1390017106133,66.0,646.3835416869623,113.70065667540499,13.154636,-184.22325
2021-01-14 01:02:51.963,-514.1390017106133,66.0,646.3835416869623,113.70065667540499,13.154636,-184.22325
2021-01-14 01:02:52.964,-514.1390017106133,66.0,646.3835416869623,113.70065667540499,13.154636,-184.22325
2021-01-14 01:02:53.964,-514.1390017106133,66.0,646.3835416869623,113.70065667540499,13.154636,-184.22325
2021-01-14 01:02:54.964,-514.1390017106133,66.0,646.3835416869623,113.70065667540499,13.154636,-184.22325
2021-01-14 01:02:55.965,-514.1390017106133,66.0,646.3835416869623,113.70065667540499,13.154636,-205.78897
2021-01-14 01:02:56.966,-514.1390017106133,66.0,646.3835416869623,113.70065667540499,13.154636,-205.78897
2021-01-14 01:02:57.966,-514.1390017106133,66.0,646.3835416869623,113.70065667540499,13.154636,-205.78897
2021-01-14 01:02:58.967,-514.1390017106133,66.0,646.3835416869623,113.70065667540499,13.154636,-205.78897
2021-01-14 01:02:59.967,-514.1390017106133,66.0,646.3835416869623,113.70065667540499,13.154636,-205.78897
2021-01-14 01:03:00.967,-514.1390017106133,66.0,646.3835416869623,113.70065667540499,13.154636,-205.78897
2021-01-14 01:03:01.968,-514.1390017106133,66.0,646.3835416869623,113.70065667540499,13.154636,-205.78897
2021-01-14 01:03:02.974,-514.1390017106133,66.0,646.3835416869623,113.70065667540499,13.154636,-205.78897
2021-01-14 01:03:03.968,-514.1390017106133,66.0,646.3835416869623,113.70065667540499,13.154636,-205.78897
2021-01-14 01:03:04.968,-514.1390017106133,66.0,646.3835416869623,113.70065667540499,13.154636,-205.78897
2021-01-14 01:03:05.968,-514.1390017106133,66.0,646.3835416869623,113.70065667540499,13.154636,-205.78897
2021-01-14 01:03:06.968,-514.1390017106133,66.0,646.3835416869623,113.70065667540499,13.154636,-205.78897
2021-01-14 01:03:07.968,-514.1390017106133,66.0,646.3835416869623,113.70065667540499,13.154636,-205.78897
2021-01-14 01:03:08.968,-514.1390017106133,66.0,646.3835416869623,113.70065667540499,13.154636,-205.78897
2021-01-14 01:03:09.969,-514.1390017106133,66.0,646.3835416869623,113.70065667540499,13.154636,-205.78897
2021-01-14 01:03:10.969,-514.1390017106133,66.0,646.3835416869623,113.70065667540499,13.154636,-205.78897
2021-01-14 01:03:11.969,-514.1390017106133,66.0,646.3835416869623,113.70065667540499,13.154636,-205.78897
2021-01-14 01:03:12.969,-514.1390017106133,66.0,646.3835416869623,113.70065667540499,13.154636,-205.78897
2021-01-14 01:03:13.969,-514.1390017106133,66.0,646.3835416869623,113.70065667540499,13.154636,-205.78897
2021-01-14 01:03:14.969,-514.1390017106133,66.0,646.3835416869623,113.70065667540499,13.154636,-205.78897
2021-01-14 01:03:15.969,-514.1390017106133,66.0,646.3835416869623,113.70065667540499,13.154636,-205.78897
2021-01-14 01:03:16.969,-514.1390017106133,66.0,646.3835416869623,113.70065667540499,13.154636,-205.78897
2021-01-14 01:03:17.969,-514.1390017106133,66.0,646.3835416869623,113.70065667540499,13.154636,-205.78897
2021-01-14 01:03:18.970,-514.1390017106133,66.0,646.3835416869623,113.70065667540499,13.154636,-205.78897
2021-01-14 01:03:19.970,-514.1390017106133,66.0,646.3835416869623,113.70065667540499,13.154636,-205.78897
2021-01-14 01:03:20.971,-514.1390017106133,66.0,646.3835416869623,113.70065667540499,13.154636,-205.78897
2021-01-14 01:03:21.971,-514.1390017106133,66.0,646.3835416869623,113.70065667540499,13.154636,-205.78897
2021-01-14 01:03:22.971,-514.1390017106133,66.0,646.3835416869623,113.70065667540499,13.154636,-205.78897
2021-01-14 01:03:23.971,-514.1390017106133,66.0,646.3835416869623,113.70065667540499,13.154636,-205.78897
2021-01-14 01:03:24.972,-514.1390017106133,66.0,646.3835416869623,113.70065667540499,13.154636,-205.78897
2021-01-14 01:03:25.972,-514.1390017106133,66.0,646.3835416869623,113.70065667540499,13.154636,-205.78897
2021-01-14 01:03:26.973,-514.1390017106133,66.0,646.3835416869623,113.70065667540499,13.154636,-205.78897
2021-01-14 01:03:27.973,-514.1390017106133,66.0,646.3835416869623,113.70065667540499,13.154636,-205.78897
2021-01-14 01:03:28.973,-514.1390017106133,66.0,646.3835416869623,113.70065667540499,13.154636,-205.78897
2021-01-14 01:03:29.974,-514.1390017106133,66.0,646.3835416869623,113.70065667540499,13.154636,-205.78897
2021-01-14 01:03:30.974,-514.1390017106133,66.0,646.3835416869623,113.70065667540499,13.154636,-205.78897
2021-01-14 01:03:31.974,-514.1390017106133,66.0,646.3835416869623,113.70065667540499,13.154636,-205.78897
2021-01-14 01:03:32.974,-514.1390017106133,66.0,646.3835416869623,113.70065667540499,13.154636,-205.78897
2021-01-14 01:03:33.974,-514.1390017106133,66.0,646.3835416869623,113.70065667540499,13.154636,-205.78897
2021-01-14 01:03:34.974,-514.1390017106133,66.0,646.3835416869623,113.70065667540499,13.154636,-205.78897
2021-01-14 01:03:35.974,-514.1390017106133,66.0,646.3835416869623,113.70065667540499,13.154636,-205.78897
2021-01-14 01:03:36.975,-514.1390017106133,66.0,646.3835416869623,113.70065667540499,13.154636,-205.78897
2021-01-14 01:03:37.976,-514.1390017106133,66.0,646.3835416869623,113.70065667540499,13.154636,-205.78897
2021-01-14 01:03:38.977,-514.1390017106133,66.0,646.3835416869623,113.70065667540499,13.154636,-205.78897
2021-01-14 01:03:39.977,-514.1390017106133,66.0,646.3835416869623,113.70065667540499,13.154636,-205.78897
2021-01-14 01:03:40.978,-514.1390017106133,66.0,646.3835416869623,113.70065667540499,13.154636,-205.78897
2021-01-14 01:03:41.978,-514.1390017106133,66.0,646.3835416869623,113.70065667540499,13.154636,-205.78897
2021-01-14 01:03:42.978,-514.1390017106133,66.0,646.3835416869623,113.70065667540499,13.154636,-205.78897
2021-01-14 01:03:43.978,-514.1390017106133,66.0,646.3835416869623,113.70065667540499,13.154636,-205.78897
2021-01-14 01:03:44.978,-514.1390017106133,66.0,646.3835416869623,113.70065667540499,13.154636,-205.78897
2021-01-14 01:03:45.978,-514.1390017106133,66.0,646.3835416869623,113.70065667540499,13.154636,-205.78897
2021-01-14 01:03:46.978,-514.1390017106133,66.0,646.3835416869623,113.70065667540499,13.154636,-205.78897
2021-01-14 01:03:47.978,-514.1390017106133,66.0,646.3835416869623,113.70065667540499,13.154636,-205.78897
2021-01-14 01:03:48.979,-514.1390017106133,66.0,646.3835416869623,113.70065667540499,13.154636,-205.78897
2021-01-14 01:03:49.980,-514.1390017106133,66.0,646.3835416869623,113.70065667540499,13.154636,-205.78897
2021-01-14 01:03:50.980,-514.1390017106133,66.0,646.3835416869623,113.70065667540499,13.154636,-205.78897
2021-01-14 01:03:51.981,-514.1390017106133,66.0,646.3835416869623,113.70065667540499,13.154636,-205.78897
2021-01-14 01:03:52.981,-514.1390017106133,66.0,646.3835416869623,113.70065667540499,13.154636,-205.78897
2021-01-14 01:03:53.981,-514.1390017106133,66.0,646.3835416869623,113.70065667540499,13.154636,-205.78897
2021-01-14 01:03:54.981,-514.1390017106133,66.0,646.3835416869623,113.70065667540499,13.154636,-205.78897
2021-01-14 01:03:55.982,-514.1390017106133,66.0,646.3835416869623,113.70065667540499,13.154636,-205.78897
2021-01-14 01:03:56.982,-514.1390017106133,66.0,646.3835416869623,113.70065667540499,13.154636,-205.78897
2021-01-14 01:03:57.982,-514.1390017106133,66.0,646.3835416869623,113.70065667540499,13.154636,-205.78897
2021-01-14 01:03:58.982,-514.1390017106133,66.0,646.3835416869623,113.70065667540499,13.154636,-205.78897
2021-01-14 01:03:59.982,-514.1390017106133,66.0,646.3835416869623,113.70065667540499,13.154636,-205.78897
2021-01-14 01:04:00.983,-514.1390017106133,66.0,646.3835416869623,113.70065667540499,13.154636,-205.78897
2021-01-14 01:04:01.983,-514.1390017106133,66.0,646.3835416869623,113.70065667540499,13.154636,-205.78897
2021-01-14 01:04:02.983,-514.1390017106133,66.0,646.3835416869623,113.70065667540499,13.154636,-205.78897
2021-01-14 01:04:03.983,-514.1390017106133,66.0,646.3835416869623,113.70065667540499,13.154636,-205.78897
2021-01-14 01:04:04.983,-514.1390017106133,66.0,646.3835416869623,113.70065667540499,13.154636,-205.78897
2021-01-14 01:04:05.983,-514.1390017106133,66.0,646.3835416869623,113.70065667540499,13.154636,-205.78897
2021-01-14 01:04:06.983,-514.1390017106133,66.0,646.3835416869623,113.70065667540499,13.154636,-224.33849
2021-01-14 01:04:07.983,-514.1390017106133,66.0,646.3835416869623,113.70065667540499,13.154636,-228.8628
2021-01-14 01:04:08.983,-514.1390017106133,66.0,646.3835416869623,113.70065667540499,13.154636,-228.8628
2021-01-14 01:04:09.983,-514.1390017106133,66.0,646.3835416869623,113.70065667540499,13.154636,-228.8628
2021-01-14 01:04:10.983,-514.1390017106133,66.0,646.3835416869623,113.70065667540499,13.154636,-228.8628
2021-01-14 01:04:11.984,-514.1390017106133,66.0,646.3835416869623,113.70065667540499,13.154636,-228.8628
2021-01-14 01:04:12.984,-514.1390017106133,66.0,646.3835416869623,113.70065667540499,13.154636,-228.8628
2021-01-14 01:04:13.984,-514.1390017106133,66.0,646.3835416869623,113.70065667540499,13.154636,-228.8628
2021-01-14 01:04:14.985,-514.1390017106133,66.0,646.3835416869623,113.70065667540499,15.869204,-222.83069
2021-01-14 01:04:15.985,-514.1390017106133,66.0,646.3835416869623,113.70065667540499,16.924873,-221.92587
2021-01-14 01:04:16.985,-514.1390017106133,66.0,646.3835416869623,113.70065667540499,16.924873,-221.92587
2021-01-14 01:04:17.985,-514.1390017106133,66.0,646.3835416869623,113.70065667540499,16.924873,-221.92587
2021-01-14 01:04:18.985,-514.1390017106133,66.0,646.3835416869623,113.70065667540499,16.924873,-221.92587
2021-01-14 01:04:19.985,-514.1390017106133,66.0,646.3835416869623,113.70065667540499,16.924873,-221.92587
2021-01-14 01:04:20.985,-514.1390017106133,66.0,646.3835416869623,113.70065667540499,16.924873,-221.92587
2021-01-14 01:04:21.986,-514.1390017106133,66.0,646.3835416869623,113.70065667540499,16.924873,-221.92587
2021-01-14 01:04:22.986,-514.1390017106133,66.0,646.3835416869623,113.70065667540499,16.924873,-221.92587
2021-01-14 01:04:23.986,-514.1390017106133,66.0,646.3835416869623,113.70065667540499,16.924873,-221.92587
2021-01-14 01:04:24.986,-514.1390017106133,66.0,646.3835416869623,113.70065667540499,16.924873,-221.92587
2021-01-14 01:04:25.986,-514.1390017106133,66.0,646.3835416869623,113.70065667540499,16.924873,-221.92587
2021-01-14 01:04:26.986,-514.1390017106133,66.0,646.3835416869623,113.70065667540499,16.924873,-221.92587
2021-01-14 01:04:27.986,-514.1390017106133,66.0,646.3835416869623,113.70065667540499,16.924873,-221.92587
2021-01-14 01:04:28.987,-514.1390017106133,66.0,646.3835416869623,113.70065667540499,16.924873,-221.92587
2021-01-14 01:04:29.987,-514.1390017106133,66.0,646.3835416869623,113.70065667540499,16.924873,-221.92587
2021-01-14 01:04:30.988,-514.1390017106133,66.0,646.3835416869623,113.70065667540499,16.924873,-221.92587
2021-01-14 01:04:31.988,-514.1390017106133,66.0,646.3835416869623,113.70065667540499,16.924873,-221.92587
2021-01-14 01:04:32.988,-514.1390017106133,66.0,646.3835416869623,113.70065667540499,16.924873,-221.92587
2021-01-14 01:04:33.989,-514.1390017106133,66.0,646.3835416869623,113.70065667540499,16.924873,-221.92587
2021-01-14 01:04:34.989,-514.1390017106133,66.0,646.3835416869623,113.70065667540499,16.924873,-221.92587
2021-01-14 01:04:35.989,-514.1390017106133,66.0,646.3835416869623,113.70065667540499,16.924873,-221.92587
2021-01-14 01:04:36.989,-514.1390017106133,66.0,646.3835416869623,113.70065667540499,16.924873,-221.92587
2021-01-14 01:04:37.990,-514.1390017106133,66.0,646.3835416869623,113.70065667540499,16.924873,-221.92587
2021-01-14 01:04:38.990,-514.1390017106133,66.0,646.3835416869623,113.70065667540499,16.924873,-221.92587
2021-01-14 01:04:39.990,-514.1390017106133,66.0,646.3835416869623,113.70065667540499,16.924873,-221.92587
2021-01-14 01:04:40.990,-514.1390017106133,66.0,646.3835416869623,113.70065667540499,16.924873,-221.92587
2021-01-14 01:04:41.990,-514.1390017106133,66.0,646.3835416869623,113.70065667540499,16.924873,-221.92587
2021-01-14 01:04:42.990,-514.1390017106133,66.0,646.3835416869623,113.70065667540499,16.924873,-221.92587
2021-01-14 01:04:43.990,-514.1390017106133,66.0,646.3835416869623,113.70065667540499,16.924873,-221.92587
2021-01-14 01:04:44.990,-514.1390017106133,66.0,646.3835416869623,113.70065667540499,16.924873,-221.92587
2021-01-14 01:04:45.991,-514.1390017106133,66.0,646.3835416869623,113.70065667540499,16.924873,-221.92587
2021-01-14 01:04:46.991,-514.1390017106133,66.0,646.3835416869623,113.70065667540499,16.924873,-221.92587
2021-01-14 01:04:47.992,-514.1390017106133,66.0,646.3835416869623,113.70065667540499,16.924873,-221.92587
2021-01-14 01:04:48.992,-514.1390017106133,66.0,646.3835416869623,113.70065667540499,16.924873,-221.92587
2021-01-14 01:04:49.993,-514.1390017106133,66.0,646.3835416869623,113.70065667540499,16.924873,-221.92587
2021-01-14 01:04:50.993,-514.1390017106133,66.0,646.3835416869623,113.70065667540499,16.924873,-221.92587
2021-01-14 01:04:51.993,-514.1390017106133,66.0,646.3835416869623,113.70065667540499,16.924873,-221.92587
2021-01-14 01:04:52.993,-514.1390017106133,66.0,646.3835416869623,113.70065667540499,16.924873,-221.92587
2021-01-14 01:04:53.993,-514.1390017106133,66.0,646.3835416869623,113.70065667540499,16.924873,-221.92587
2021-01-14 01:04:54.993,-514.1390017106133,66.0,646.3835416869623,113.70065667540499,16.924873,-221.92587
2021-01-14 01:04:55.993,-514.1390017106133,66.0,646.3835416869623,113.70065667540499,16.924873,-221.92587
2021-01-14 01:04:56.994,-514.1390017106133,66.0,646.3835416869623,113.70065667540499,16.924873,-221.92587
2021-01-14 01:04:57.994,-514.1390017106133,66.0,646.3835416869623,113.70065667540499,16.924873,-221.92587
2021-01-14 01:04:58.994,-514.1390017106133,66.0,646.3835416869623,113.70065667540499,16.924873,-221.92587
2021-01-14 01:04:59.994,-514.1390017106133,66.0,646.3835416869623,113.70065667540499,16.924873,-221.92587
2021-01-14 01:05:00.995,-514.1390017106133,66.0,646.3835416869623,113.70065667540499,16.924873,-221.92587
2021-01-14 01:05:01.996,-514.1390017106133,66.0,646.3835416869623,113.70065667540499,16.924873,-221.92587
2021-01-14 01:05:02.996,-514.1390017106133,66.0,646.3835416869623,113.70065667540499,16.924873,-221.92587
2021-01-14 01:05:03.996,-514.1390017106133,66.0,646.3835416869623,113.70065667540499,16.924873,-221.92587
2021-01-14 01:05:04.996,-514.1390017106133,66.0,646.3835416869623,113.70065667540499,16.924873,-221.92587
2021-01-14 01:05:05.996,-514.1390017106133,66.0,646.3835416869623,113.70065667540499,16.924873,-221.92587
2021-01-14 01:05:06.996,-514.1390017106133,66.0,646.3835416869623,113.70065667540499,16.924873,-221.92587
2021-01-14 01:05:07.996,-514.1390017106133,66.0,646.3835416869623,113.70065667540499,16.924873,-221.92587
2021-01-14 01:05:08.997,-514.1390017106133,66.0,646.3835416869623,113.70065667540499,16.924873,-221.92587
2021-01-14 01:05:09.997,-514.1390017106133,66.0,646.3835416869623,113.70065667540499,16.924873,-221.92587
2021-01-14 01:05:10.997,-514.1390017106133,66.0,646.3835416869623,113.70065667540499,16.924873,-221.92587
2021-01-14 01:05:11.998,-514.1390017106133,66.0,646.3835416869623,113.70065667540499,16.924873,-221.92587
2021-01-14 01:05:12.999,-514.1390017106133,66.0,646.3835416869623,113.70065667540499,16.924873,-221.92587
2021-01-14 01:05:13.999,-514.1390017106133,66.0,646.3835416869623,113.70065667540499,16.924873,-221.92587
2021-01-14 01:05:14.999,-514.1390017106133,66.0,646.3835416869623,113.70065667540499,16.924873,-221.92587
2021-01-14 01:05:16.000,-514.1390017106133,66.0,646.3835416869623,113.70065667540499,16.924873,-221.92587
2021-01-14 01:05:17.000,-514.1390017106133,66.0,646.3835416869623,113.70065667540499,16.924873,-221.92587
2021-01-14 01:05:18.001,-514.1390017106133,66.0,646.3835416869623,113.70065667540499,16.924873,-221.92587
2021-01-14 01:05:19.001,-514.1390017106133,66.0,646.3835416869623,113.70065667540499,16.924873,-221.92587
2021-01-14 01:05:20.001,-514.1390017106133,66.0,646.3835416869623,113.70065667540499,16.924873,-221.92587
2021-01-14 01:05:21.001,-514.1390017106133,66.0,646.3835416869623,113.70065667540499,16.924873,-221.92587
